%% Arquivo contendo todas referências bibliográficas
%% This BibTeX bibliography file was created using BibDesk.
%% http://bibdesk.sourceforge.net/

@InProceedings{Rusu_ICRA2011_PCL,
	author    = {Radu Bogdan Rusu and Steve Cousins},
	title     = {{3D is here: Point Cloud Library (PCL)}},
	booktitle = {{IEEE International Conference on Robotics and Automation (ICRA)}},
	month     = {May 9-13},
	year      = {2011},
	address   = {Shanghai, China}
}

@article{wolcott2017robust,
	title={Robust LIDAR localization using multiresolution Gaussian mixture maps for autonomous driving},
	author={Wolcott, Ryan W and Eustice, Ryan M},
	journal={The International Journal of Robotics Research},
	pages={0278364917696568},
	year={2017},
	publisher={SAGE Publications Sage UK: London, England}
}

@article{henry2012rgb,
	title={RGB-D mapping: Using Kinect-style depth cameras for dense 3D modeling of indoor environments},
	author={Henry, Peter and Krainin, Michael and Herbst, Evan and Ren, Xiaofeng and Fox, Dieter},
	journal={The International Journal of Robotics Research},
	volume={31},
	number={5},
	pages={647--663},
	year={2012},
	publisher={SAGE Publications Sage UK: London, England}
}


@inproceedings{sturm2012benchmark,
	title={A benchmark for the evaluation of RGB-D SLAM systems},
	author={Sturm, J{\"u}rgen and Engelhard, Nikolas and Endres, Felix and Burgard, Wolfram and Cremers, Daniel},
	booktitle={Intelligent Robots and Systems (IROS), 2012 IEEE/RSJ International Conference on},
	pages={573--580},
	year={2012},
	organization={IEEE}
}